
@book{textbook,
author = {Eyal Kushilevitz and Noam Nisan},
title = {Communication complexity},
year = {2006},
edition = {2nd},
publisher = {Cambridge University Press},
}


@article{dell12,
  author    = {Holger Dell and
               Thore Husfeldt and
               D{\'a}niel Marx and
               Nina Taslaman and
               Martin Wahlen},
  title     = {Exponential Time Complexity of the Permanent and the Tutte
               Polynomial},
  journal   = {CoRR},
  volume    = {abs/1206.1775},
  year      = {2012},
  ee        = {http://arxiv.org/abs/1206.1775},
  bibsource = {DBLP, http://dblp.uni-trier.de}
}

@article{valiant79,
title = "The complexity of computing the permanent",
journal = "Theoretical Computer Science",
volume = "8",
number = "2",
pages = "189 - 201",
year = "1979",
note = "",
issn = "0304-3975",
doi = "10.1016/0304-3975(79)90044-6",
url = "http://www.sciencedirect.com/science/article/pii/0304397579900446",
author = "L.G. Valiant"
}

